% @inproceedings{croce2020robustbench,
%     title       = {RobustBench: a standardized adversarial robustness benchmark},
%     author      = {Croce, Francesco and Andriushchenko, Maksym and Sehwag, Vikash and Debenedetti, Edoardo and Flammarion, Nicolas and Chiang, Mung and Mittal, Prateek and Matthias Hein},
%     booktitle   = {Workshop on Security and Safety in Machine Learning Systems},
%     venue       = {ICLR},
%     year        = {2021},
%     note        = {\textbf{Best Paper Honorable Mention Prize}}
% }

@inproceedings{croce2020robustbench,
    title       = {RobustBench: a standardized adversarial robustness benchmark},
    author      = {Croce*, Francesco and Andriushchenko*, Maksym and Sehwag*, Vikash and Debenedetti*, Edoardo and Flammarion, Nicolas and Chiang, Mung and Mittal, Prateek and Matthias Hein},
    booktitle   = {Thirty-fifth Conference on Neural Information Processing Systems Datasets and Benchmarks Track},
    year        = {2021},
    url         = {https://openreview.net/forum?id=SSKZPJCt7B}
}